@article{Gerber:2019,
title = {{Combining grid-tied PV and intelligent water heater control to reduce the energy costs at schools in South Africa}},
journal = "Energy for Sustainable Development",
volume = "50",
pages = "117 - 125",
year = "2019",
issn = "0973-0826",
doi = "https://doi.org/10.1016/j.esd.2019.03.004",
author = "S. Gerber and A. J. Rix and M. J. Booysen",
}


@INPROCEEDINGS{Booysen:2013, 
author={M. J. {Booysen} and S. J. {Andersen} and A. S. {Zeeman}}, 
booktitle={16th International IEEE Conference on Intelligent Transportation Systems (ITSC 2013)}, 
title={{Informal public transport in Sub-Saharan Africa as a vessel for novel Intelligent Transport Systems}}, 
year={2013}, 
volume={}, 
number={}, 
pages={767-772}, 
doi={10.1109/ITSC.2013.6728324}, 
ISSN={2153-0009}, 
month={Oct},}

@misc{WebsiteOpAmp,
author = {{BBC}},
title = {How to make opamps amp op},
url = {www.electronics-tutorials.ws},
year = {2018}
}

@misc{CircuitDigest,
author = {{Current Sensing Techniques using Different Current Sensors}},
title = {How to make opamps amp op},
url = {https://circuitdigest.com/article/how-to-measure-current-in-a-circuit-with-different-current-sensing-techniques},
year = {2019},
author = "Sourav Gupta"
}

@misc{Hall,
author = {{RS Electronics}},
title = {The Guide to Hall Effect Sensors},
url = {https://za.rs-online.com/web/generalDisplay.html?id=ideas-and-advice/hall-effect-sensors-guide}
}

@misc{EG_CurSens,
author = {{Preeti Jain}},
title = {Current Sensors},
url = {https://www.engineersgarage.com/current-sensors/}
}

@misc{Fund_Opamps,
author = {{Jean Jacques Meneu}},
title = {Top 10 Fundamental Op Amp Circuits},
url = {https://www.arrow.com/en/research-and-events/articles/fundamentals-of-op-amp-circuits},
year = {2016}
}

@misc{NonIdeal_Opamps,
author = {{R Nave}},
title = {Departures from Ideal Op-amp},
url = {http://hyperphysics.phy-astr.gsu.edu/hbase/Electronic/opamprac.html}
}


