@misc{CircuitDigest,
author = {{Current Sensing Techniques using Different Current Sensors}},
title = {Current Sensing Techniques using Different Current Sensors},
url = {https://circuitdigest.com/article/how-to-measure-current-in-a-circuit-with-different-current-sensing-techniques},
year = {2019},
author = "Sourav Gupta"
}

@misc{Hall,
author = {{RS Electronics}},
title = {The Guide to Hall Effect Sensors},
url = {https://za.rs-online.com/web/generalDisplay.html?id=ideas-and-advice/hall-effect-sensors-guide}
}

@misc{EG_CurSens,
author = {{Preeti Jain}},
title = {Current Sensors},
url = {https://www.engineersgarage.com/current-sensors/}
}

@misc{Fund_Opamps,
author = {{Jean Jacques Meneu}},
title = {Top 10 Fundamental Op Amp Circuits},
url = {https://www.arrow.com/en/research-and-events/articles/fundamentals-of-op-amp-circuits},
year = {2016}
}

@misc{NonIdeal_Opamps,
author = {{R Nave}},
title = {Departures from Ideal Op-amp},
url = {http://hyperphysics.phy-astr.gsu.edu/hbase/Electronic/opamprac.html}
}

@misc{Lim_Opamps,
author = {{University of Ottawa}},
title = {Physical Limitations of Op Amps },
url = {https://www.site.uottawa.ca/~rhabash/ELG3336DCImperfections.pdf}
}

@misc{Design_Opamps,
author = {{Rohm Semiconductor}},
title = {Low-Side Current Sensing Circuit Design},
url = {https://fscdn.rohm.com/en/products/databook/applinote/common/low_side_current_sense_circuit_design_an-e.pdf
}
}

@misc{Design_SonicSens,
author = {{Elec Freaks}},
title = {Ultrasonic Ranging module HC-SR04},
url = {https://cdn.sparkfun.com/datasheets/Sensors/Proximity/HCSR04.pdf
}
}

@misc{Design_SonicSens_Filter,
author = {{David M. Alter}},
title = {Using PWM Output as a Digital-to-Analog Converter on a TMS320C240 DSP},
url = {https://www.ti.com/lit/an/spra490/spra490.pdf},
year = {1998}
}

@misc{Lit_BinDAC,
author = {{Electronics Tutorials}},
title = {Binary Weighted DAC},
url = {https://www.electronics-tutorials.ws/combination/digital-to-analogue-converter.html}
}

@misc{Lit_SumAmp,
author = {{Ravi Teja}},
title = {Summing Amplifier},
url = {https://www.electronicshub.org/summing-amplifier/},
year ={2021}
}

@misc{Lit_SumAmp_ET,
author = {{Electronics Tutorials}},
title = {The Summing Amplifier},
url = {https://www.electronics-tutorials.ws/opamp/opamp_4.html},
}

@misc{Data_MCP,
author = {{Microchip Technology}},
title = {MCP6241/1R/1U/2/4},
url = {http://ww1.microchip.com/downloads/en/devicedoc/21882d.pdf},
year = {2008}
}

@misc{LD1117,
author = {{STM}},
title = {LD117 Adjustable and fixed low drop positive voltage regulator},
url = {https://www.st.com/resource/en/datasheet/ld1117.pdf},
year = {2020}
}

@misc{DifAmp,
author = {{Electronics Tutorials}},
title = {The differential amplifier},
url = {https://www.electronics-tutorials.ws/opamp/opamp_5.html}
}

@misc{TLC2272,
author = {{Texas Instruments}},
title = {Advanced LinCMOS Rail-To-Rail Operational Amplifiers},
url = {https://www.ti.com/lit/ds/symlink/tlc2272.pdf?ts=1661587987822&ref_url=https%253A%252F%252Fwww.ti.com%252Fproduct%252FTLC2272},
year = {2016}
}

@misc{2N7002,
author = {{Diodes Incorporated}},
title = {N-CHANNEL ENHANCEMENT MODE MOSFET},
url = {https://www.diodes.com/assets/Datasheets/ds11303.pdf},
year = {2013}
}

@misc{FQD13N06L,
author = {{Fairchild}},
title = {FQD13N06L / FQU13N06L N-Channel QFET MOSFET},
url = {https://www.mouser.com/datasheet/2/149/FQD13N06L-244305.pdf},
year = {2016}
}

@misc{IRF530,
author = {{Vishay}},
title = {IRF530 Power Mosfet},
url = {https://www.vishay.com/docs/91019/irf530.pdf},
year = {2021}
}

@misc{IRF9Z24N,
author = {{International Rectifier}},
title = {Infineon-IRF9Z24N-DataSheet-v01},
url = {https://www.infineon.com/dgdl/irf9z24npbf.pdf?fileId=5546d462533600a40153561218961ddb},
year = {2004}
}

